@article{townsend,
Author = {Townsend, A. A.},
Journal = {Cambridge Univ. Press, Cambridge, UK},
Title = {{The Structure of Turbulent Shear Flow}},
Year = {1956}}

@article{mellor_gibson,
Author = {Mellor, G. L. and Gibson, D. M.},
Journal = {J. Fluid Mech.},
Pages = {225--253},
Title = {Equilibrium turbulent boundary layers},
Volume = {24},
Year = {1966}}

@article{skare_krogstad,
Author = {Sk\r{a}re, P. E. and Krogstad, P.-\r{A}.},
Journal = {J. Fluid Mech.},
Pages = {319--348},
Title = {A turbulent equilibrium boundary layer near separation},
Volume = {272},
Year = {1994}}

@article{harun_et_al,
Author = {Harun, Z. and Monty, J. P. and Mathis, R. and Marusic, I.},
Journal = {J. Fluid Mech.},
Pages = {477--498},
Title = {Pressure gradient effects on the large-scale structure of turbulent boundary layers},
Volume = {715},
Year = {2013}}

@article{spalart_watmuff,
Author = {Spalart, P. R. and Watmuff, J. H.},
Journal = {J. Fluid Mech.},
Pages = {337--371},
Title = {Experimental and numerical study of a turbulent boundary layer with pressure gradients},
Volume = {249},
Year = {1993}}

@article{skote_et_al,
Author = {Skote, M. and Henningson, D. S. and Henkes, R. A. W. M.},
Journal = {Flow Turbul. Combust.},
Pages = {47--85},
Title = {Direct numerical simulation of self-similar turbulent boundary layers in adverse pressure gradients},
Volume = {60},
Year = {1998}}

@article{monty_et_al,
Author = {Monty, J. P. and Harun, Z. and Marusic, I.},
Journal = {Int. J. Heat Fluid Flow},
Pages = {575--585},
Title = {A parametric study of adverse pressure gradient turbulent boundary layers},
Volume = {32},
Year = {2011}}

@article{vinuesa_aiaa,
Author = {Vinuesa, R. and Rozier, P. H. and Schlatter, P. and Nagib, H. M.},
Journal = {AIAA J.},
Pages = {368--384},
Title = {Experiments and computations of localized pressure gradients with different history effects},
Volume = {55},
Year = {2014}}

@article{maciel_et_al,
Author = {Maciel, Y. and Simens, M. P. and Gungor, A. G.},
Journal = {Flow Turbul. Combust.},
Pages = {1--20},
Title = {Coherent structures in a non-equilibrium large-velocity-defect turbulent boundary layer},
Volume = {98},
Year = {2017}}

@article{bobke_et_al,
Author = {Bobke, A. and Vinuesa, R. and \"Orl\"u, R. and Schlatter, P.},
Journal = {J. Fluid Mech., Accepted},
Title = {History effects and near-equilibrium in adverse-pressure-gradient turbulent boundary layers},
Year = {2017}}

@article{hosseini_et_al,
Author = {Hosseini, S. M. and Vinuesa, R. and Schlatter, P. and Hanifi, A. and Henningson, D. S.},
Journal = {Int. J. Heat Fluid Flow},
Pages = {117--128},
Title = {Direct numerical simulation of the flow around a wing section at moderate {R}eynolds number},
Volume = {61},
Year = {2016}}

@article{kitsios_et_al,
Author = {Kitsios, V. and Atkinson, C. and Sillero, J. A. and Borrell, G. and Gungor, A. G. and Jim\'enez, J. and Soria, J.},
Journal = {Int. J. Heat Fluid Flow},
Pages = {129--136},
Title = {Direct numerical simulation of a self-similar adverse pressure gradient turbulent boundary layer},
Volume = {61},
Year = {2016}}

@article{lee,
Author = {Lee, J. H.},
Journal = {J. Fluid Mech.},
Pages = {323--361},
Title = {Large-scale motions in turbulent boundary layers subjected to adverse pressure gradients},
Volume = {810},
Year = {2017}}

@article{fischer_et_al,
Author = {Fischer, P. F. and Lottes, J. W. and Kerkemeier, S. G.},
Title = {{NEK5000}: {O}pen source spectral element {CFD} solver. {A}vailable at: \\ \url{http://nek5000.mcs.anl.gov}},
Year = {2008}}

@article{marin_et_al,
Author = {Marin, O. and Vinuesa, R. and Obabko, A. V. and Schlatter, P.},
Journal = {Phys. Fluids},
Pages = {125101},
Title = {Characterization of the secondary flow in hexagonal ducts},
Volume = {28},
Year = {2016}}
 
@article{skyscraper,
Author = {Vinuesa, R. and Schlatter, P. and Malm, J. and Mavriplis, C. and Henningson, D. S.},
Journal = {J. Turbul.},
Pages = {555--587},
Title = {Direct numerical simulation of the flow around a wall-mounted square cylinder under various inflow conditions},
Volume = {16},
Year = {2015}}

@article{jeong_hussain,
Author = {Jeong, J. and Hussain, F.},
Journal = { J. Fluid Mech.},
Pages = {69--94},
Title = {On the identification of a vortex},
Volume = {285},
Year = {1995}}

@article{menter,
Author = {Menter, F. R.},
Journal = {AIAA J.},
Pages = {1598--1605},
Title = {Two-equation eddy-viscosity turbulence models for engineering applications},
Volume = {32},
Year = {1994}}

@article{negi_et_al,
Author = {Negi, P. S. and Vinuesa, R. and Schlatter, P. and Hanifi, A. and Henningson, D. S.},
Journal = {In Int. Symp. Turbulence $\&$ Shear Flow Phenomena (TSFP-10), July 6--9, Chicago, US},
Title = {Unsteady aerodynamic effects in pitching airfoils studied through large-eddy simulations},
Year = {2017}}

@article{schlatter_orlu12,
Author = {Schlatter, P. and \"Orl\"u, R.},
Journal = {J. Fluid Mech.},
Pages = {5--34},
Title = {Turbulent boundary layers at moderate {R}eynolds num-bers: inflow length and tripping effects},
Volume = {710},
Year = {2012}}

@article{vinuesa_diagnostic,
Author = {Vinuesa, R. and Bobke, A. and \"Orl\"u, R. and Schlatter, P.},
Journal = {Phys. Fluids},
Pages = {055101},
Title = {On determining characteristic length scales in pressure-gradient turbulent boundary layers},
Volume = {28},
Year = {2016}}

@article{dong_et_al,
Author = {Dong, S. and Karniadakis, G. E. and Chryssostomidis, C.},
Journal = {J. Comput. Phys.},
Pages = {83--105},
Title = {A robust and accurate outflow boundary condition for incompressible flow simulations on severely-truncated unbounded domains},
Volume = {261},
Year = {2014}}

@article{schlatter_orlu10,
Author = {Schlatter, P. and \"Orl\"u, R.},
Journal = {J. Fluid Mech.},
Pages = {116--126},
Title = {Assessment of direct numerical simulation data of turbulent boundary layers},
Volume = {659},
Year = {2010}}

@article{hutchins_marusic,
Author = {Hutchins, N. and Marusic, I.},
Journal = {J. Fluid Mech.},
Pages = {1--28},
Title = {Evidence of very long meandering features in the logarithmic region of turbulent boundary layers},
Volume = {579},
Year = {2007}}

@article{eitel_amor_et_al,
Author = {Eitel-Amor, G. and \"Orl\"u, R. and Schlatter, P.},
Journal = {Int. J. Heat Fluid Flow},
Pages = {57--69},
Title = {Simulation and validation of a spatially evolving turbulent boundary layer up to {$Re_{\theta}=8300$}},
Volume = {47},
Year = {2014}}

@article{schlatter_et_al_2004,
Author = {Schlatter, P. and Stolz, S. and Kleiser, L.},
Journal = {Int. J. Heat Fluid Flow},
Pages = {549--558},
Title = {{LES} of transitional flows using the approximate deconvolution model},
Volume = {25},
Year = {2004}}






