@article{uzun10,
	Author = {Uzun, A. and Hussaini, M. Y.},
	Journal = {AIAA Journal},
	Pages = {1221-1234},
	Title = {Simulations of Vortex Formation Around a Blunt Wing Tip},
	Volume = {48},
	Year = {2010}}

@ARTICLE{lombard15,
	author = {Lombard, J.-E. W. and Moxey, D. and Sherwin, S. J. and 
	Hoessler, J.~F. A. and Dhandapani, S. and Taylor, M. J.
	},
	title = "{Implicit Large-Eddy Simulation of a Wingtip Vortex}",
	journal = {AIAA Journal},
	year = {2016},
	month = {feb},
	volume = {54},
	pages = {506-518},
}

@article{eitel14,
	title = {Simulation and validation of a spatially evolving turbulent boundary layer up to $\text{R}e_{\theta}=8300$ },
	journal = {International Journal of Heat and Fluid Flow},
	volume = {47},
	pages = {57-69},
	year = {2014},
	author = {Eitel-Amor, G. and \"{O}rl\"{u} R. and Schlatter, P.},
}

@article{chin15,
	title = {Turbulent pipe flow at $\text{R}e_{\tau}= 1000$: A comparison of wall-resolved large-eddy simulation, direct numerical simulation and hot-wire experiment},
	journal = {Computers and Fluids},
	volume = {122},
	pages = {26 - 33},
	year = {2015},
	issn = {0045-7930},
	author = {Chin, C. and Ng, H.C.H. and Blackburn, H.M. and Monty, J.P. and Ooi, A.},
}
	
@Misc{nek5000,
	Author = {Fischer, P. F. and Lottes, J. W. and Kerkemeier, S. G.},
	Title  = {Nek5000 Web page},
	Note   = {\url{http://nek5000.mcs.anl.gov}},
	Year   = {2008},
}	


@article{schlatter06,
	author = {Schlatter, P.  and  Stolz, S.  and Kleiser, L.},
	title = {Large-eddy simulation of spatial transition in plane channel flow},
	journal = {Journal of Turbulence},
	volume = {7},
	number = {},
	pages = {N33},
	year = {2006},
	}
	
@article{moser99,
	author = {Moser, R. D. and Kim, J. and Mansour, N. N.},
	title = {Direct numerical simulation of turbulent channel flow up to $\text{R}e_{\tau}=590$},
	journal = {Physics of Fluids},
	year = {1999},
	volume = {11},
	number = {4},
	pages = {943-945},
}	

@Inbook{drela89,
	author={Drela, M.},
	title={XFOIL: An Analysis and Design System for Low Reynolds Number Airfoils},
	bookTitle={Low Reynolds Number Aerodynamics: Proceedings of the Conference Notre Dame, Indiana, USA, 5--7 June 1989},
	year={1989},
	publisher={Springer Berlin Heidelberg},
	address={Berlin, Heidelberg},
	pages={1--12},
}

@article{hosseini16,
	title = {Direct numerical simulation of the flow around a wing section at moderate {R}eynolds number},
	journal = {International Journal of Heat and Fluid Flow},
	volume = {61},
	pages = {117 - 128},
	year = {2016},
	issn = {0142-727X},
	doi = {http://dx.doi.org/10.1016/j.ijheatfluidflow.2016.02.001},
	url = {//www.sciencedirect.com/science/article/pii/S0142727X16300169},
	author = {Hosseini, S. M. and Vinuesa, R.  and Schlatter, P. and Hanifi, A. and Henningson, D. S.},
}

@article{brandt04, 
	title={Transition in boundary layers subject to free-stream turbulence}, volume={517}, 
	DOI={10.1017/S0022112004000941}, 
	journal={Journal of Fluid Mechanics}, 
	publisher={Cambridge University Press}, 
	author={Brandt, L. and Schlatter, P. and Henningson, D. S.}, 
	year={2004}
}


@article{mccroskey82,
	author = { McCroskey, W. J.},
	title = {Unsteady Airfoils},
	journal = {Annual Review of Fluid Mechanics},
	volume = {14},
	number = {1},
	pages = {285-311},
	year = {1982},
}


@article{coorke15,
	author = {Coorke, T. C. and Thomas, F. O. },
	title = {Dynamic Stall in Pitching Airfoils: Aerodynamic Damping and Compressibility Effects},
	journal = {Annual Review of Fluid Mechanics},
	volume = {47},
	number = {1},
	pages = {479-505},
	year = {2015},
	doi = {10.1146/annurev-fluid-010814-013632},
	URL = {http://dx.doi.org/10.1146/annurev-fluid-010814-013632}

}

@Article{dunne2015,
	author={Dunne, R. and McKeon, B. J.},
	title={Dynamic stall on a pitching and surging airfoil},
	journal={Experiments in Fluids},
	year={2015},
	volume={56},
	number={8},
	pages={157},
	issn={1432-1114},
}

@TECHREPORT{mccroskey82experimental,
	title={An experimental study of dynamic stall on advanced airfoil sections. Volume 1: Summary of the experiment},
	author={McCroskey, W. J. and McAlister, K. W. and Carr, L. W. and Pucci, S. L.},
	year={1982},
    institution={NASA Ames Research Center, Moffett Field, CA, United States},	
}

@article{rival2010,
	title={Characteristics of pitching and plunging airfoils under dynamic-stall conditions},
	author={Rival, D. and Tropea, C.},
	journal={Journal of Aircraft},
	volume={47},
	number={1},
	pages={80--86},
	year={2010}
}

@TECHREPORT{carr1977,
	title={Analysis of the development of dynamic stall based on oscillating airfoil experiments},
	author={Carr, L. W. and McAlister, K. W. and McCroskey, W. J},
	year={1977},
    institution = {NASA Ames Research Center; Moffett Field, CA, United States},
}

@article{choudhry14,
	title = {An insight into the dynamic stall lift characteristics},
	journal = {Experimental Thermal and Fluid Science},
	volume = {58},
	pages = {188 - 208},
	year = {2014},
	issn = {0894-1777},
	doi = {http://doi.org/10.1016/j.expthermflusci.2014.07.006},
	url = {http://www.sciencedirect.com/science/article/pii/S0894177714001769},
	author = {Choudhry, A. and Leknys, R. and Arjomandi, M. and Kelso, R.}
}

@inproceedings{pascazio96,
	title={Unsteady boundary-layer measurement on oscillating airfoils-Transition and separation phenomena in pitching motion},
	author={Pascazio, M and Autric, J and Favier, D and Maresca, C},
	booktitle={34th Aerospace Sciences Meeting and Exhibit},
	pages={35},
	year={1996}
}

@article{nati15,
	title={Dynamic pitching effect on a laminar separation bubble},
	author={Nati, A. and De Kat, R. and Scarano, F. and Van Oudheusden, B. W.},
	journal={Experiments in Fluids},
	volume={56},
	number={9},
	pages={172},
	year={2015},
	publisher={Springer}
}

@article{dong2014,
	title={A robust and accurate outflow boundary condition for incompressible flow simulations on severely-truncated unbounded domains},
	author={Dong, S. and Karniadakis, G. E. and Chryssostomidis, C.},
	journal={Journal of Computational Physics},
	volume={261},
	pages={83--105},
	year={2014},
	publisher={Elsevier}
}

@article{jeong95, 
	title={On the identification of a vortex}, 
	volume={285}, DOI={10.1017/S0022112095000462}, 
	journal={Journal of Fluid Mechanics}, 
	publisher={Cambridge University Press}, 
	author={Jeong, J. and Hussain, F.}, 
	year={1995}
}

@article{lokatt17,
	title = {Robust viscous-inviscid interaction scheme for application on unstructured meshes},
	journal = {Computers $\&$ Fluids},
	volume = {145},
	pages = {37 - 51},
	year = {2017},
	issn = {0045-7930},
	doi = {Phttp://doi.org/10.1016/j.compfluid.2016.12.012},
	url = {http://www.sciencedirect.com/science/article/pii/S0045793016303966},
	author = {Lokatt, M. and Eller, D.},
}

@article{schlatter04,
	title = {\text{LES} of transitional flows using the approximate deconvolution model},
	journal = {International Journal of Heat and Fluid Flow},
	volume = {25},
	number = {3},
	pages = {549 - 558},
	year = {2004},
	note = {Turbulence and Shear Flow Phenomena (TSFP-3)},
	issn = {0142-727X},
	author = {Schlatter, P. and Stolz, S. and Kleiser, L.},
}

@article{vonneumann50,
	author = {{Von Neumann}, J. and Richtmyer, R. D.},
	title = {A Method for the Numerical Calculation of Hydrodynamic Shocks},
	journal = {Journal of Applied Physics},
	volume = {21},
	number = {3},
	pages = {232-237},
	year = {1950}
}

@article{phillips59,
	title={An example of non-linear computational instability},
	author={Phillips, Norman A},
	journal={The Atmosphere and the Sea in motion},
	volume={501},
	year={1959},
	publisher={Rockefeller Inst. Press in association with Oxford University Press}
}

@article{kirby03,
	title = "De-aliasing on non-uniform grids: algorithms and applications",
	journal = "Journal of Computational Physics",
	volume = "191",
	number = "1",
	pages = "249 - 264",
	year = "2003",
	note = "",
	issn = "0021-9991",
	doi = "http://dx.doi.org/10.1016/S0021-9991(03)00314-0",
	url = "http://www.sciencedirect.com/science/article/pii/S0021999103003140",
	author = "Robert M. Kirby and George Em Karniadakis",
}

@Article{malm13,
	author="Malm, Johan
	and Schlatter, Philipp
	and Fischer, Paul F.
	and Henningson, Dan S.",
	title="Stabilization of the Spectral Element Method in Convection Dominated Flows by Recovery of Skew-Symmetry",
	journal="Journal of Scientific Computing",
	year="2013",
	month="Nov",
	day="01",
	volume="57",
	number="2",
	pages="254--277",
	issn="1573-7691",
	doi="10.1007/s10915-013-9704-1",
	url="https://doi.org/10.1007/s10915-013-9704-1"
}

@article{tadmor89,
	title={Convergence of spectral methods for nonlinear conservation laws},
	author={Tadmor, Eitan},
	journal={SIAM Journal on Numerical Analysis},
	volume={26},
	number={1},
	pages={30--44},
	year={1989},
	publisher={SIAM}
}

@article{karamanos00,
	title = "A Spectral Vanishing Viscosity Method for Large-Eddy Simulations",
	journal = "Journal of Computational Physics",
	volume = "163",
	number = "1",
	pages = "22 - 50",
	year = "2000",
	note = "",
	issn = "0021-9991",
	doi = "http://dx.doi.org/10.1006/jcph.2000.6552",
	url = "http://www.sciencedirect.com/science/article/pii/S0021999100965525",
	author = "G-S. Karamanos and G.E. Karniadakis",
}

@article{kirby06,
	title = "Stabilisation of spectral/hp element methods through spectral vanishing viscosity: Application to fluid mechanics modelling",
	journal = "Computer Methods in Applied Mechanics and Engineering",
	volume = "195",
	number = "23",
	pages = "3128 - 3144",
	year = "2006",
	note = "Incompressible CFD",
	issn = "0045-7825",
	doi = "http://dx.doi.org/10.1016/j.cma.2004.09.019",
	url = "http://www.sciencedirect.com/science/article/pii/S0045782505002434",
	author = "Robert M. Kirby and Spencer J. Sherwin",
}

@ARTICLE{maday93,
	author = {Yvon Maday and Sidi M. Ould Kaber and Eitan Tadmor},
	title = {Legendre Pseudospectral Viscosity Method For Nonlinear Conservation Laws},
	journal = {SIAM J. Numer. Anal},
	year = {1993},
	volume = {30},
	pages = {321--342}
}

@article{fischer01,
	title = "Filter-based stabilization of spectral element methods",
	journal = "Comptes Rendus de l'AcadÃ\'emie des Sciences - Series I - Mathematics",
	volume = "332",
	number = "3",
	pages = "265 - 270",
	year = "2001",
	note = "",
	issn = "0764-4442",
	doi = "http://dx.doi.org/10.1016/S0764-4442(00)01763-8",
	url = "http://www.sciencedirect.com/science/article/pii/S0764444200017638",
	author = "Paul Fischer and Julia Mullen",
}

@article{ervin12,
	author = {Vincent J. Ervin and William J. Layton and Monika Neda},
	title = {Numerical Analysis of Filter-Based Stabilization for Evolution Equations},
	journal = {SIAM Journal on Numerical Analysis},
	volume = {50},
	number = {5},
	pages = {2307-2335},
	year = {2012},
	doi = {10.1137/100782048},
	URL = {https://doi.org/10.1137/100782048},
}

@article{boyd98,
	title = "Two Comments on Filtering (Artificial Viscosity) for Chebyshev and Legendre Spectral and Spectral Element Methods: Preserving Boundary Conditions and Interpretation of the Filter as a Diffusion",
	journal = "Journal of Computational Physics",
	volume = "143",
	number = "1",
	pages = "283 - 288",
	year = "1998",
	note = "",
	issn = "0021-9991",
	doi = "http://dx.doi.org/10.1006/jcph.1998.5961",
	url = "http://www.sciencedirect.com/science/article/pii/S0021999198959617",
	author = "John P. Boyd",	
}

@article{pasquetti02,
	title = "Comments on Filter-Based Stabilization of Spectral Element Methods",
	journal = "Journal of Computational Physics",
	volume = "182",
	number = "2",
	pages = "646 - 650",
	year = "2002",
	note = "",
	issn = "0021-9991",
	doi = "http://dx.doi.org/10.1006/jcph.2002.7178",
	url = "http://www.sciencedirect.com/science/article/pii/S0021999102971780",
	author = "R. Pasquetti and C.J. Xu",
}


@article{stolz01,
	author = {S. Stolz and N. A. Adams and L. Kleiser},
	title = {An approximate deconvolution model for large-eddy simulation with application to incompressible wall-bounded flows},
	journal = {Physics of Fluids},
	volume = {13},
	number = {4},
	pages = {997-1015},
	year = {2001},	
}


@article{stolz03,
	author = {S. Stolz and N. A. Adams},
	title = {Large-eddy simulation of high-Reynolds-number supersonic boundary layers using the approximate deconvolution model and a rescaling and recycling technique},
	journal = {Physics of Fluids},
	volume = {15},
	number = {8},
	pages = {2398-2412},
	year = {2003},	
}

@INPROCEEDINGS{proc-tsfp10-negi,
	author = {Negi, P. S. and Vinuesa, R. and Hanifi, A. and Schlatter, P and Henningson, D. S.},
	title = {Unsteady Aerodynamic effects in pitching airfoils studied through Large-Eddy Simulations},
	booktitle = {Proc.\ Int. Symp. Turbulence \& Shear Flow Phenomenon (TSFP-10)},
	year = {2017},
	address = {Chicago, USA}
}

@INPROCEEDINGS{proc-tsfp10-vinuesa,
	author = {Vinuesa, R. and Negi, P. S. and Hanifi, A. and Henningson, D. S. and Schlatter, P.},
	title = {{High-fidelity simulations of flow around wings at high Reynolds numbers}},
	booktitle = {Proc.\ Int. Symp. Turbulence \& Shear Flow Phenomenon (TSFP-10)},
	year = {2017},
	address = {Chicago, USA}
}

@article{schlatter10, 
	title={Assessment of direct numerical simulation data of turbulent boundary layers}, volume={659}, 
	journal={Journal of Fluid Mechanics}, 
	publisher={Cambridge University Press}, 
	author={Schlatter, Philipp and {\"O}rl{\"u}, Ramis}, 
	year={2010}, 
	pages={116-126}
	}

@article{sillero13,
	author = {Juan A. Sillero and Javier Jim{\'e}nez and Robert D. Moser},
	title = {One-point statistics for turbulent wall-bounded flows at Reynolds numbers up to $\delta^{+}\approx2000$},
	journal = {Physics of Fluids},
	volume = {25},
	number = {10},
	pages = {105102},
	year = {2013},	
}

@phdthesis{lokattthesis,
	author       = {Mikaela Lokatt}, 
	title        = {On Aerodynamic and Aeroelastic Modeling for Aircraft Design},
	school       = {KTH Royal Institute of Technology},
	year         = {2017},
	type 		 = {Doctoral Thesis},
	month 		 = {September}	
}

@INPROCEEDINGS{mai11,
	title={Aeroelasticity of a laminar wing},
	author={Mai, Holger and Hebler, Anne},
	booktitle={Proceedings IFASD},
	address={Paris},
	year={2011},
}

@INPROCEEDINGS{hebler13,
	title={Experimental investigation of the aeroelastic behavior of a laminar airfoil in transonic flow},
	author={Hebler, Anne and Schojda, Lukas and Mai, Holger},
	booktitle={Proceedings IFASD},
	year={2013}
}

@TECHREPORT{theodorsen35,
	title={General theory of aerodynamic instability and the mechanism of flutter},
	author={Theodore Theodorsen},
	year={1935},
	institution = {National Advisory Committee for Aeronautics; Langley Aeronautical Lab.; Langley Field, VA, United States},
}

@article{green08,
	title={Laminar flow control-back to the future},
	author={Green, John E},
	journal={38th Fluid Dynamics Conference and Exhibit, Fluid Dynamics and Co-located Conferences, AIAA},
	volume={3738},
	year={2008}
}

@article{alam00, 
	title={Direct numerical simulation of 'short' laminar separation bubbles with turbulent reattachment}, 
	volume={410}, 
	journal={Journal of Fluid Mechanics}, 
	publisher={Cambridge University Press}, 
	author={Alam, M. and Sandham, N. D.}, 
	year={2000}, 
	pages={1-28}
	}
	
@inproceedings{crisler94, 
	title={{PIV} investigation of high speed flow over a pitching airfoil}, 
	booktitle={32nd Aerospace Sciences Meeting and Exhibit, Aerospace Sciences Meetings, AIAA}, 
	author={Crisler, W. C. and Krothapali, A. and Lourenco, L. M.}, 
	year={1994},
	month={01},
	date={10},
	address={Renvo, N.V., USA}
}	

@article{hammond98,
	title = "Local and global instability properties of separation bubbles",
	journal = "European Journal of Mechanics - B/Fluids",
	volume = "17",
	number = "2",
	pages = "145 - 164",
	year = "1998",
	issn = "0997-7546",
	author = "Hammond, D.A. and Redekopp, L.G."
}

@article{mccroskey76,
	title = "Dynamic Stall Experiments on Oscillating Airfoils",
	journal = "AIAA Journal",
	volume = "14",
	number = "1",
	pages = "57 - 63",
	year = "1976",
	author = "McCroskey, W. J. and Carr, L. W. and McAlister, K. W."
}

@TECHREPORT{mccroskey81,
	title={Phenomenon of dynamic stall},
	author={W. J. McCroskey},
	year={1981},
	month={03},
	date={01},
	institution = {NASA Ames Research Center; Moffett Field, CA, United States},
}

@article{mccroskey73,
	title = "Inviscid Flowfield of an Unsteady Airfoil",
	journal = "AIAA Journal",
	volume = "11",
	number = "8",
	pages = "1130 - 1137",
	year = "1973",
	author = "W. J. McCroskey"
}

@article{patera84,
	title = "A spectral element method for fluid dynamics: Laminar flow in a channel expansion",
	journal = "Journal of Computational Physics",
	volume = "54",
	number = "3",
	pages = "468 - 488",
	year = "1984",
	issn = "0021-9991",
	author = "Anthony T Patera"
}

@article {ramaswamy87,
	author = {Ramaswamy, Balasubramaniam and Kawahara, Mutsuto},
	title = {Arbitrary Lagrangian–Eulerian finite element method for unsteady, convective, incompressible viscous free surface fluid flow},
	journal = {International Journal for Numerical Methods in Fluids},
	volume = {7},
	number = {10},
	publisher = {John Wiley & Sons, Ltd},
	issn = {1097-0363},
	pages = {1053--1075},
	year = {1987},
}

@article{ho90,
	title = {{A Legendre spectral element method for simulation of unsteady incompressible viscous free-surface flows}},
	journal = "Computer Methods in Applied Mechanics and Engineering",
	volume = "80",
	number = "1",
	pages = "355 - 366",
	year = "1990",
	issn = "0045-7825",
	doi = "https://doi.org/10.1016/0045-7825(90)90040-S",
	url = "http://www.sciencedirect.com/science/article/pii/004578259090040S",
	author = "Lee-Wing Ho and Anthony T. Patera"
}

@article {ho91,
	author = {Ho, Lee-Wing and Patera, Anthony T.},
	title = {Variational formulation of three-dimensional viscous free-surface flows: Natural imposition of surface tension boundary conditions},
	journal = {International Journal for Numerical Methods in Fluids},
	volume = {13},
	number = {6},
	publisher = {John Wiley & Sons, Ltd},
	issn = {1097-0363},
	pages = {691--698},
	year = {1991},
}

@article{hirt74,
	title = "An arbitrary Lagrangian-Eulerian computing method for all flow speeds",
	journal = "Journal of Computational Physics",
	volume = "14",
	number = "3",
	pages = "227 - 253",
	year = "1974",
	issn = "0021-9991",
	author = "C.W Hirt and A.A Amsden and J.L Cook"
}

@BOOK{kundu02,
	TITLE = {Fluid Mechanics},
	SUBTITLE = {Second Edition},
	AUTHOR = {Kundu, P. K. and Cohen, I. M.},
	YEAR = {2002},
	PUBLISHER = {Academic press},
}

@BOOK{deville02,
	TITLE = {High-Order Methods for Incompressible Fluid Flow},
	SUBTITLE = {Second Edition},
	AUTHOR = {Deville, M. O. and Fischer, P. F. and Mund, E. H.},
	YEAR = {2004},
	PUBLISHER = {Cambridge University Press},
}

@article{schlatter08,
	author = {Philipp Schlatter and Luca Brandt and H. C. de Lange and Dan S. Henningson},
	title = {On streak breakdown in bypass transition},
	journal = {Physics of Fluids},
	volume = {20},
	number = {10},
	pages = {101505},
	year = {2008},	
}

@PhdThesis{kleusberglicenciate,
	author =     {Elektra Kleusberg},
	title =      {Wind turbine simulations using spectral elements},
	school =     {Royal Institute of Technology (KTH), Stockholm, Sweden},
	year =       {2017},
	type =       {Licentiate Thesis},
	month =      {May}
}

@PhdThesis{schlatterdiploma,
	author =     {Philipp Schlatter},
	title =      {Direct numerical simulation of laminar-turbulent transition in boundary layer subject to free-stream turbulence},
	school =     {Royal Institute of Technology (KTH), Stockholm, Sweden},
	year =       {2001},
	type =       {Diploma Thesis},
}

@BOOK{leishman00,
	TITLE = {Principles of Helicopter Aerodynamics},
	AUTHOR = {Leishman, J. Gordon},
	YEAR = {2000},
	PUBLISHER = {Cambridge University Press},
}

@article{karman38,
	author = {Karman, Th. Von and Sears, W. R.},
	title = {Airfoil Theory for Non-Uniform Motion},
	journal = {Journal of Aeronautical Sciences},
	volume = {5},
	number = {10},
	pages = {379-390},
	year = {1938},
	publisher = {AIAA},	
}

@Incollection{glauert30,
	author="Glauert, H.",
	editor="Gilles, A. and Hopf, L. and v. K{\'a}rm{\'a}n, Th.",
	title="The force and moment on an oscillating aerofoil",
	bookTitle="Vortr{\"a}ge aus dem Gebiete der Aerodynamik und verwandter Gebiete: Aachen 1929",
	year="1930",
	publisher="Springer Berlin Heidelberg",
	address="Berlin, Heidelberg",
	pages="88--95",
}


@TECHREPORT{lomax52,
	title={Two-and three-dimensional unsteady lift problems in high-speed flight},
	author={Lomax, Harvard and Heaslet, Max A and Fuller, Franklyn B and Sluder, Loma},
	year={1952},
	institution = {National Advisory Committee for Aeronautics. Ames Aeronautical Lab.; Moffett Field, CA, United States},
}

@TECHREPORT{lomax53,
	title={Lift developed on unrestrained rectangular wings entering gusts at subsonic and supersonic speeds},
	author={Lomax, Harvard},
	year={1954},
	institution = {National Advisory Committee for Aeronautics. Ames Aeronautical Lab.; Moffett Field, CA, United States},
}

@TECHREPORT{halfman52,
	title={Experimental aerodynamic derivatives of a sinusoidally oscillating airfoil in two-dimensional flow},
	author={Halfman, Robert L.},
	year={1952},
	institution = {National Advisory Committee for Aeronautics; Washington, DC, United States},
}

@TECHREPORT{rainey57,
	title={Measurement of Aerodynamic Forces for Various Mean Angles of Attack on an Airfoil Oscillating in Pitch and on Two Finite-span Wings Oscillating in Bending with Emphasis on Damping in the Stall},
	author={Rainey, A Gerald},
	year={1957},
	institution = {National Advisory Committee for Aeronautics. Langley Aeronautical Lab.; Langley Field, VA, United States},
}

@BOOK{bisplingoff00,
	TITLE = {Aeroelasticity},
	AUTHOR = {Bisplingoff, L. Raymond and Ashley, Holt and Halfman, Robert L.},
	YEAR = {1983},
	PUBLISHER = {Dover Publications INC.},
}

@article{rutan_voyager,
	author = {Sandra Blakeslee},
	Journal = {The New York Times},
	title = {Voyager succeeds in historic flight},
	year = {1986},
	month = {Dec},
	Date = {23},
	url = {http://www.nytimes.com/learning/general/onthisday/big/1223.html},
}

@Misc{blackbird,
	Author = {NASA},
	Title  = {SR-71 Blackbird},
	Note   = {https://www.nasa.gov/centers/armstrong/news/FactSheets/FS-030-DFRC.html},
	year   = {2014}
}

@article{schrauf05, 
	title={Status and perspectives of laminar flow}, 
	volume={109},
	number={1102}, 
	journal={The Aeronautical Journal}, 
	publisher={Cambridge University Press}, 
	author={Schrauf, G.}, 
	year={2005}, 
	pages={639-644}
	}



@article{bushnell03,
	author = {D M Bushnell},
	title ={Aircraft drag reduction - a review},
	journal = {Proceedings of the Institution of Mechanical Engineers, Part G: Journal of Aerospace Engineering},
	volume = {217},
	number = {1},
	pages = {1-18},
	year = {2003},
}

@article{ericsson86,
	title = "Fluid dynamics of unsteady separated flow. Part I. Bodies of revolution",
	journal = "Progress in Aerospace Sciences",
	volume = "23",
	number = "1",
	pages = "1 - 84",
	year = "1986",
	issn = "0376-0421",
	author = "L.E. Ericsson and J.P. Reding"
}

@article{ericsson87b,
	title = "Fluid dynamics of unsteady separated flow. Part II. Lifting surfaces",
	journal = "Progress in Aerospace Sciences",
	volume = "24",
	number = "4",
	pages = "249 - 356",
	year = "1987",
	issn = "0376-0421",
	author = "L.E Ericsson and J.P Reding"
}


@article{ericsson_stall88a,
	title = "Fluid mechanics of dynamic stall part I. Unsteady flow concepts",
	journal = "Journal of Fluids and Structures",
	volume = "2",
	number = "1",
	pages = "1 - 33",
	year = "1988",
	issn = "0889-9746",
	author = "Ericsson, L.E. and Reding, J.P."
}

@article{ericsson_stall88b,
	title = "Fluid mechanics of dynamic stall part II. Prediction of full scale characteristics",
	journal = "Journal of Fluids and Structures",
	volume = "2",
	number = "2",
	pages = "113 - 143",
	year = "1988",
	issn = "0889-9746",
	author = "L.E. Ericsson and J.P. Reding"
}

@inproceedings{visbal14, 
	title={Analysis of the Onset of Dynamic Stall Using High-Fidelity Large-Eddy Simulations}, 
	booktitle={52nd Aerospace Sciences Meeting, AIAA SciTech Forum},
	publisher={AIAA}, 
	author={Visbal, Miguel R.}, 
	year={2014},
	month={01},
	date={10},
	addr={National Harbor, Maryland}
}

@article{visbal11,
	title = "Numerical Investigation of Deep Dynamic Stall of a Plunging Airfoil",
	journal = "AIAA Journal",
	volume = "49",
	number = "10",
	pages = "2152 - 2170",
	year = "2011",
	issn = "0889-9746",
	author = "Miguel R. Visbal"
}

@inproceedings{visbal17, 
	title={Numerical Investigation of Spanwise End Effects on Dynamic Stall of a Pitching NACA 0012 Wing}, 
	booktitle={55th AIAA Aerospace Sciences Meeting, AIAA SciTech Forum},
	publisher={AIAA}, 
	author={Visbal, Miguel R. and Garmann, Daniel J.}, 
	year={2017},
	month={01},
	date={09-13},
	addr={Grapevine, Texas}
}

@MISC{wikipedia_mustang,
	author = {{Wikipedia, the free encyclopedia}},
	title = {{North American P-51 Mustang}},
	year = {2017},
	retrieved = {[Online; accessed October 31, 2017]},
	url = {https://en.wikipedia.org/wiki/North_American_P-51_Mustang#/media/File:P-51-361.jpg}
}

@MISC{wikipedia_wright,
	author = {{Wikipedia, the free encyclopedia}},
	title = {{Wright Brothers}},
	year = {2017},
	retrieved = {[Online; accessed October 31, 2017]},
	url = {https://en.wikipedia.org/wiki/Wright_brothers#/media/File:First_flight2.jpg}
}

@article{spalart88,
	title={Direct simulation of a turbulent boundary layer up to $R_{\theta}=1410$}, volume={187}, 
	journal={Journal of Fluid Mechanics}, 
	publisher={Cambridge University Press}, 
	author={Spalart, Philippe R.}, 
	year={1988}, pages={61-98}
	}
	


@article{schlatter09,
	author = {P. Schlatter and R. \''Orl\''u and Q. Li and G. Brethouwer and J. H. M. Fransson and A. V. Johansson and P. H. Alfredsson and D. S. Henningson},
	title = {Turbulent boundary layers up to ReÎ¸=2500 studied through simulation and experiment},
	journal = {Physics of Fluids},
	volume = {21},
	number = {5},
	pages = {051702},
	year = {2009},	
}	

@article{kim87, 
	title={Turbulence statistics in fully developed channel flow at low Reynolds number}, volume={177},
	journal={Journal of Fluid Mechanics}, 
	publisher={Cambridge University Press}, 
	author={Kim, John and Moin, Parviz and Moser, Robert}, 
	year={1987}, 
	pages={133-166}
	}
	
@article{lee15, 
	title={Direct numerical simulation of turbulent channel flow up to $\mathit{Re}_{{\it\tau}}\approx 5200$}, 
	volume={774}, 
	journal={Journal of Fluid Mechanics}, 
	publisher={Cambridge University Press}, 
	author={Lee, Myoungkyu and Moser, Robert D.}, 
	year={2015}, 
	pages={395-415}
	}
	
@Article{elkhoury13,
	author="El Khoury, George K.
	and Schlatter, Philipp
	and Noorani, Azad
	and Fischer, Paul F.
	and Brethouwer, Geert
	and Johansson, Arne V.",
	title="Direct Numerical Simulation of Turbulent Pipe Flow at Moderately High Reynolds Numbers",
	journal="Flow, Turbulence and Combustion",
	year="2013",
	month="Oct",
	day="01",
	volume="91",
	number="3",
	pages="475--495",
	issn="1573-1987",
}
		
@article{jimenez08, 
	title={Turbulent fluctuations above the buffer layer of wall-bounded flows}, 
	volume={611},
	journal={Journal of Fluid Mechanics}, 
	publisher={Cambridge University Press}, 
	author={Jim\'enez, Javier and Hoyas, Sergio}, 
	year={2008}, 
	pages={215-236}
	}	
	
@article{clauser54,
	author = {Francis H. Clauser},
	title = {Turbulent Boundary Layers in Adverse Pressure Gradients},
	journal = {Journal of Aeronautical Sciences},
	volume = {21},
	number = {2},
	pages = {91-108},
	year = {1954},
	publisher = {AIAA},	
}	

@article{townsend56, 
	title={The properties of equilibrium boundary layers}, 
	volume={1},
	number={6}, 
	journal={Journal of Fluid Mechanics}, 
	publisher={Cambridge University Press}, 
	author={Townsend, A. A.}, 
	year={1956}, 
	pages={561-573}
	}
	
@Article{Vinuesa2017,
	author="Vinuesa, Ricardo
	and {\"O}rl{\"u}, Ramis
	and Sanmiguel Vila, Carlos
	and Ianiro, Andrea
	and Discetti, Stefano
	and Schlatter, Philipp",
	title="Revisiting History Effects in Adverse-Pressure-Gradient Turbulent Boundary Layers",
	journal="Flow, Turbulence and Combustion",
	year="2017",
	month="Aug",
	day="25",
}

@article{bobke17, 
	title={History effects and near equilibrium in adverse-pressure-gradient turbulent boundary layers}, 
	volume={820}, 
	journal={Journal of Fluid Mechanics}, 
	publisher={Cambridge University Press}, 
	author={Bobke, A. and Vinuesa, R. and {\"O}rl{\"u}, R. and Schlatter, P.}, 
	year={2017}, pages={667-692}
	}
			
@article{lee04, 
	title={Investigation of flow over an oscillating airfoil}, 
	volume={512}, 
	journal={Journal of Fluid Mechanics}, 
	publisher={Cambridge University Press}, 
	author={Lee, T. and Gerontakos, P.}, 
	year={2004}, 
	pages={313-341}
	}

@Article{alferez13,
	author="Alferez, Nicolas
	and Mary, Ivan
	and Lamballais, Eric",
	title="Study of Stall Development Around an Airfoil by Means of High Fidelity Large Eddy Simulation",
	journal="Flow, Turbulence and Combustion",
	year="2013",
	month="Oct",
	day="01",
	volume="91",
	number="3",
	pages="623--641",
}


@article{rosti16,
	author = {Marco E. Rosti and Mohammad Omidyeganeh and Alfredo Pinelli},
	title = {Direct numerical simulation of the flow around an aerofoil in ramp-up motion},
	journal = {Physics of Fluids},
	volume = {28},
	number = {2},
	pages = {025106},
	year = {2016},
}

@BOOK{schmid01,
	TITLE = {{Stability and Transition in Shear Flows}},
	AUTHOR = {Schmid, P. J. and Henningson, D. S.},
	YEAR = {2001},
	PUBLISHER = {Springer},
}

@article{kupfer87,
	author = {K. Kupfer and A. Bers and A. K. Ram},
	title = {The cusp map in the complex-frequency plane for absolute instabilities},
	journal = {The Physics of Fluids},
	volume = {30},
	number = {10},
	pages = {3075-3082},
	year = {1987},	
}

@article{haggmark01b,
	title = {A numerical and experimental study of a transitional separation bubble},
	journal = {Aerospace Science and Technology},
	volume = {5},
	number = {5},
	pages = {317-328},
	year = {2001},
	issn = {1270-9638},
	author = {Carl P. H\"aggmark and C. Hildings and Dan S. Henningson}
}


@article{cherubini10,
	author = {S. Cherubini and J.-Ch. Robinet and P. De Palma},
	title = {The effects of non-normality and nonlinearity of the Navier--Stokes operator on the dynamics of a large laminar separation bubble},
	journal = {Physics of Fluids},
	volume = {22},
	number = {1},
	pages = {014102},
	year = {2010},
}

@article{rodriquez10, 
	title={Structural changes of laminar separation bubbles induced by global linear instability}, 
	volume={655}, 
	journal={Journal of Fluid Mechanics}, 
	publisher={Cambridge University Press}, 
	author={Rodr\'{i}guez, D. and Theofilis, V.}, 
	year={2010}, 
	pages={280-305}
	}
	
@article {theofilis00,
	author = {Theofilis, Vassilios and Hein, Stefan and Dallmann, Uwe},
	title = {On the origins of unsteadiness and three-dimensionality in a laminar separation bubble},
	volume = {358},
	number = {1777},
	pages = {3229--3246},
	year = {2000},
	publisher = {The Royal Society},
	issn = {1364-503X},
	journal = {Philosophical Transactions of the Royal Society of London A: Mathematical, Physical and Engineering Sciences}
}
	
@BOOK{briggs64,
	TITLE = {{Electron-Stream Interaction with Plasmas}},
	AUTHOR = {Richard J. Briggs},
	YEAR = {1964},
	PUBLISHER = {The MIT Press, Cambridge, Massachusetts},
}

@article {gibbs-smith62,
	title = {{Sir George Cayley* {\textquoteright}Father of aerial navigation{\textquoteright}} (1773-1857)},
	volume = {17},
	number = {1},
	pages = {36--56},
	year = {1962},
	publisher = {The Royal Society},
	issn = {0035-9149},
	journal = {Notes and Records of the Royal Society},
	author = {Charles H. Gibbs-Smith}
}

@Misc{cayley1809,
	Author = {Sir George Cayley},
	Title  = {On Aerial Navigation},
	Note   = {\url{http://ota.ox.ac.uk/text/3075.html}},
	Journal = {Nicholson's Journal},
	Year   = {1809-10},
}

@inproceedings{fischer15, 
	title={{Scaling Limits for PDE-Based Simulation (Invited)}}, 
	booktitle={{22nd AIAA Computational Fluid Dynamics Conference, AIAA AVIATION Form}},
	publisher={AIAA}, 
	author={Paul Fischer and Katherine Heisey and Misun Min}, 
	year={2015},
	month={06},
	date={18},
	addr={Dallas, Texas}
}


@article{orszag71,
	author = {Steven A.  Orszag },
	title = {{On the Elimination of Aliasing in Finite-Difference Schemes by Filtering High-Wavenumber Components}},
	journal = {Journal of the Atmospheric Sciences},
	volume = {28},
	number = {6},
	pages = {1074-1074},
	year = {1971}
}

@TECHREPORT{kirst87,
	title={Numerical simulation of channel flow transition, resolution requirements and structure of the hairpin vortex},
	author={Krist, Steven E. and Zang, Thomas A.},
	year={1987},
	institution = {NASA Langley Research Center; Hampton, VA, United States},
}

@article{townsend56b,
	Author = {Townsend, A. A.},
	Journal = {Cambridge Univ. Press, Cambridge, UK},
	Title = {{The Structure of Turbulent Shear Flow}},
	Year = {1956}}

@article{mellor66,
	Author = {Mellor, G. L. and Gibson, D. M.},
	Journal = {J. Fluid Mech.},
	Pages = {225--253},
	Title = {Equilibrium turbulent boundary layers},
	Volume = {24},
	Year = {1966}}

@article{skare94,
	Author = {Sk\r{a}re, P. E. and Krogstad, P.-\r{A}.},
	Journal = {J. Fluid Mech.},
	Pages = {319--348},
	Title = {A turbulent equilibrium boundary layer near separation},
	Volume = {272},
	Year = {1994}}

@article{harun13,
	Author = {Harun, Z. and Monty, J. P. and Mathis, R. and Marusic, I.},
	Journal = {J. Fluid Mech.},
	Pages = {477--498},
	Title = {Pressure gradient effects on the large-scale structure of turbulent boundary layers},
	Volume = {715},
	Year = {2013}}

@article{spalart93,
	Author = {Spalart, P. R. and Watmuff, J. H.},
	Journal = {J. Fluid Mech.},
	Pages = {337--371},
	Title = {Experimental and numerical study of a turbulent boundary layer with pressure gradients},
	Volume = {249},
	Year = {1993}}

@article{skote98,
	Author = {Skote, M. and Henningson, D. S. and Henkes, R. A. W. M.},
	Journal = {Flow Turbul. Combust.},
	Pages = {47--85},
	Title = {Direct numerical simulation of self-similar turbulent boundary layers in adverse pressure gradients},
	Volume = {60},
	Year = {1998}
	}
	
@BOOK{canuto88,
	TITLE = {{Spectral Methods in Fluid Dynamics}},
	SUBTITLE = {Second Edition},
	AUTHOR = {Claudio Canuto and Alfio Quarteroni and M. Yousuff Hussaini and Thomas A. Zang},
	YEAR = {1988},
	PUBLISHER = {Springer},
}

@article{chow03,
	title = "A further study of numerical errors in large-eddy simulations",
	journal = "Journal of Computational Physics",
	volume = "184",
	number = "2",
	pages = "366 - 380",
	year = "2003",
	issn = "0021-9991",
	author = "Fotini Katopodes Chow and Parviz Moin",
}


@article{vanderbos05,
	author = {{van der Bos}, Fedderik and Geurts, Bernard J.},
	title = {Commutator errors in the filtering approach to large-eddy simulation},
	journal = {Physics of Fluids},
	volume = {17},
	number = {3},
	pages = {035108},
	year = {2005},
}


@article{geurts06,
	author={Bernard J Geurts and Darryl D Holm},
	title={Commutator errors in large-eddy simulation},
	journal={{Journal of Physics A: Mathematical and General}},
	volume={39},
	number={9},
	pages={2213},
	year={2006},
}

@Inbook{geurts97,
	author="Geurts, B.	and Vreman, B.	and Kuerten, H.	and Van Buuren, R.",
	editor="Chollet, Jean-Pierre and Voke, Peter R.	and Kleiser, Leonhard",
	title={{Noncommuting Filters and Dynamic Modelling for Les of Turbulent Compressible Flow in 3D Shear Layers}},
	bookTitle={{Direct and Large-Eddy Simulation II: Proceedings of the ERCOFTAC Workshop held in Grenoble, France, 16--19 September 1996}},
	year="1997",
	publisher="Springer Netherlands",
	address="Dordrecht",
	pages="47--56",
}

@article{domaradzki02,
	author = {J. A.  Domaradzki  and  N. A. Adams},
	title = {Direct modelling of subgrid scales of turbulence in large eddy simulations},
	journal = {Journal of Turbulence},
	volume = {3},
	number = {},
	pages = {N24},
	year  = {2002},
	publisher = {Taylor & Francis},
}

@article{vasilyev98,
	title = {{A General Class of Commutative Filters for LES in Complex Geometries}},
	journal = "Journal of Computational Physics",
	volume = "146",
	number = "1",
	pages = "82 - 104",
	year = "1998",
	issn = "0021-9991",
	author = "Oleg V. Vasilyev and Thomas S. Lund and Parviz Moin"
}


@article{mathew03,
	author = {Joseph Mathew and Richard Lechner and Holger Foysi and Joern Sesterhenn and Rainer Friedrich},
	title = {An explicit filtering method for large eddy simulation of compressible flows},
	journal = {Physics of Fluids},
	volume = {15},
	number = {8},
	pages = {2279-2289},
	year = {2003},
}

@Inbook{ohlsson11,
	author="Ohlsson, J.
	and Schlatter, P.
	and Fischer, P. F.
	and Henningson, D. S.",
	editor="Hesthaven, Jan S.
	and R{\o}nquist, Einar M.",
	title="Stabilization of the Spectral-Element Method in Turbulent Flow Simulations",
	bookTitle="Spectral and High Order Methods for Partial Differential Equations: Selected papers from the ICOSAHOM '09 conference, June 22-26, Trondheim, Norway",
	year="2011",
	publisher="Springer Berlin Heidelberg",
	address="Berlin, Heidelberg",
	pages="449--458",
}

@phdthesis{schlatterphd,
	author       = {Philipp Cristian Schlatter}, 
	title        = {LARGE-EDDY SIMULATION OF TRANSITION AND TURBULENCE IN WALL-BOUNDED SHEAR FLOW},
	school       = {Swiss Federal Institute of Technology Z\"urich},
	year         = {2005},
	type 		 = {Doctoral Thesis},
	month 		 = {March}	
}

@Inbook{schlatter06b,
	author="Schlatter, Philipp
	and Stolz, Steffen
	and Kleiser, Leonhard",
	editor="Lamballais, Eric
	and Friedrich, Rainer
	and Geurts, Bernard J.
	and M{\'e}tais, Olivier",
	title="Analysis of the SGS energy budget for deconvolution- and relaxation-based models in channel flow",
	bookTitle="Direct and Large-Eddy Simulation VI",
	year="2006",
	publisher="Springer Netherlands",
	address="Dordrecht",
	pages="135--142",
}


%% Vinuesa's bibliography.
%%%%%%%%%%%%%%%%%%%%%%%%%%%%%%%%%%%%%%%%%%%%%%%%%%%%%%%%%%%%%%%%%%%%%%%%%%%%%%%%%%%%

@article{townsend,
	Author = {Townsend, A. A.},
	Journal = {Cambridge Univ. Press, Cambridge, UK},
	Title = {{The Structure of Turbulent Shear Flow}},
	Year = {1956}}

@article{mellor_gibson,
	Author = {Mellor, G. L. and Gibson, D. M.},
	Journal = {J. Fluid Mech.},
	Pages = {225--253},
	Title = {Equilibrium turbulent boundary layers},
	Volume = {24},
	Year = {1966}}

@article{skare_krogstad,
	Author = {Sk\r{a}re, P. E. and Krogstad, P.-\r{A}.},
	Journal = {J. Fluid Mech.},
	Pages = {319--348},
	Title = {A turbulent equilibrium boundary layer near separation},
	Volume = {272},
	Year = {1994}}

@article{harun_et_al,
	Author = {Harun, Z. and Monty, J. P. and Mathis, R. and Marusic, I.},
	Journal = {J. Fluid Mech.},
	Pages = {477--498},
	Title = {Pressure gradient effects on the large-scale structure of turbulent boundary layers},
	Volume = {715},
	Year = {2013}}

@article{spalart_watmuff,
	Author = {Spalart, P. R. and Watmuff, J. H.},
	Journal = {J. Fluid Mech.},
	Pages = {337--371},
	Title = {Experimental and numerical study of a turbulent boundary layer with pressure gradients},
	Volume = {249},
	Year = {1993}}

@article{skote_et_al,
	Author = {Skote, M. and Henningson, D. S. and Henkes, R. A. W. M.},
	Journal = {Flow Turbul. Combust.},
	Pages = {47--85},
	Title = {Direct numerical simulation of self-similar turbulent boundary layers in adverse pressure gradients},
	Volume = {60},
	Year = {1998}}

@article{monty_et_al,
	Author = {Monty, J. P. and Harun, Z. and Marusic, I.},
	Journal = {Int. J. Heat Fluid Flow},
	Pages = {575--585},
	Title = {A parametric study of adverse pressure gradient turbulent boundary layers},
	Volume = {32},
	Year = {2011}}

@article{vinuesa_aiaa,
	Author = {Vinuesa, R. and Rozier, P. H. and Schlatter, P. and Nagib, H. M.},
	Journal = {AIAA J.},
	Pages = {368--384},
	Title = {Experiments and computations of localized pressure gradients with different history effects},
	Volume = {55},
	Year = {2014}}

@article{maciel_et_al,
	Author = {Maciel, Y. and Simens, M. P. and Gungor, A. G.},
	Journal = {Flow Turbul. Combust.},
	Pages = {1--20},
	Title = {Coherent structures in a non-equilibrium large-velocity-defect turbulent boundary layer},
	Volume = {98},
	Year = {2017}}

@article{bobke_et_al,
	Author = {Bobke, A. and Vinuesa, R. and \"Orl\"u, R. and Schlatter, P.},
	Journal = {J. Fluid Mech., Accepted},
	Title = {History effects and near-equilibrium in adverse-pressure-gradient turbulent boundary layers},
	Year = {2017}}

@article{hosseini_et_al,
	Author = {Hosseini, S. M. and Vinuesa, R. and Schlatter, P. and Hanifi, A. and Henningson, D. S.},
	Journal = {Int. J. Heat Fluid Flow},
	Pages = {117--128},
	Title = {Direct numerical simulation of the flow around a wing section at moderate {R}eynolds number},
	Volume = {61},
	Year = {2016}}

@article{kitsios_et_al,
	Author = {Kitsios, V. and Atkinson, C. and Sillero, J. A. and Borrell, G. and Gungor, A. G. and Jim\'enez, J. and Soria, J.},
	Journal = {Int. J. Heat Fluid Flow},
	Pages = {129--136},
	Title = {Direct numerical simulation of a self-similar adverse pressure gradient turbulent boundary layer},
	Volume = {61},
	Year = {2016}}

@article{lee,
	Author = {Lee, J. H.},
	Journal = {J. Fluid Mech.},
	Pages = {323--361},
	Title = {Large-scale motions in turbulent boundary layers subjected to adverse pressure gradients},
	Volume = {810},
	Year = {2017}}

@article{marin_et_al,
	Author = {Marin, O. and Vinuesa, R. and Obabko, A. V. and Schlatter, P.},
	Journal = {Phys. Fluids},
	Pages = {125101},
	Title = {Characterization of the secondary flow in hexagonal ducts},
	Volume = {28},
	Year = {2016}}

@article{skyscraper,
	Author = {Vinuesa, R. and Schlatter, P. and Malm, J. and Mavriplis, C. and Henningson, D. S.},
	Journal = {J. Turbul.},
	Pages = {555--587},
	Title = {Direct numerical simulation of the flow around a wall-mounted square cylinder under various inflow conditions},
	Volume = {16},
	Year = {2015}}

@article{menter,
	Author = {Menter, F. R.},
	Journal = {AIAA J.},
	Pages = {1598--1605},
	Title = {Two-equation eddy-viscosity turbulence models for engineering applications},
	Volume = {32},
	Year = {1994}}

@article{negi_et_al,
	Author = {Negi, P. S. and Vinuesa, R. and Schlatter, P. and Hanifi, A. and Henningson, D. S.},
	Journal = {In Int. Symp. Turbulence $\&$ Shear Flow Phenomena (TSFP-10), July 6--9, Chicago, US},
	Title = {Unsteady aerodynamic effects in pitching airfoils studied through large-eddy simulations},
	Year = {2017}}

@article{schlatter_orlu12,
	Author = {Schlatter, P. and \"Orl\"u, R.},
	Journal = {J. Fluid Mech.},
	Pages = {5--34},
	Title = {Turbulent boundary layers at moderate {R}eynolds num-bers: inflow length and tripping effects},
	Volume = {710},
	Year = {2012}}

@article{vinuesa_diagnostic,
	Author = {Vinuesa, R. and Bobke, A. and \"Orl\"u, R. and Schlatter, P.},
	Journal = {Phys. Fluids},
	Pages = {055101},
	Title = {On determining characteristic length scales in pressure-gradient turbulent boundary layers},
	Volume = {28},
	Year = {2016}}


@article{hutchins_marusic,
	Author = {Hutchins, N. and Marusic, I.},
	Journal = {J. Fluid Mech.},
	Pages = {1--28},
	Title = {Evidence of very long meandering features in the logarithmic region of turbulent boundary layers},
	Volume = {579},
	Year = {2007}}

@article{eitel_amor_et_al,
	Author = {Eitel-Amor, G. and \"Orl\"u, R. and Schlatter, P.},
	Journal = {Int. J. Heat Fluid Flow},
	Pages = {57--69},
	Title = {Simulation and validation of a spatially evolving turbulent boundary layer up to {$Re_{\theta}=8300$}},
	Volume = {47},
	Year = {2014}}

@article{schlatter_et_al_2004,
	Author = {Schlatter, P. and Stolz, S. and Kleiser, L.},
	Journal = {Int. J. Heat Fluid Flow},
	Pages = {549--558},
	Title = {{LES} of transitional flows using the approximate deconvolution model},
	Volume = {25},
	Year = {2004}}

%%%%%%%%%%%%%%%%%%%%%%%%%%%%%%%%%%%%%%%%%%%%%%%%%%%%%%%%%%%%%%%%%%%%%

@INPROCEEDINGS{maday89,
	author = {{Maday}, Y. and {Patera}, A. T.},
	title = "{Spectral element methods for the incompressible Navier-Stokes equations}",
	keywords = {Computational Fluid Dynamics, Incompressible Flow, Navier-Stokes Equation, Spectral Methods, Elliptic Differential Equations, Numerical Flow Visualization, Stokes Flow, Three Dimensional Flow, Two Dimensional Flow, Unsteady Flow},
	booktitle = {State-of-the-art surveys on computational mechanics (A90-47176 21-64). New York, American Society of Mechanical Engineers, 1989, p. 71-143. Research supported by DARPA.},
	year = {1989},
	pages = {71-143},
}

@article{langtry09,
	title={{Correlation-Based Transition Modeling for Unstructured Parallelized Computational Fluid Dynamics Codes}},
	author={Langtry, Robin B. and Menter, Florian R.},
	journal={AIAA Journal},
	volume={47},
	issn = {12},
	pages={2894-2906},
	year={2009}
}


@INPROCEEDINGS{rist94,
    author = {Ulrich Rist and Ulrich Maucher},
    title = {Direct Numerical Simulation of 2-D and 3-D Instability Waves in a Laminar Separation Bubble},
    booktitle = {In Application of Direct and Large Eddy Simulation of Transition and Turbulence, AGARD-CP-551},
    year = {1994}
}
