@article{uzun10,
	Author = {Uzun, A. and Hussaini, M. Y.},
	Journal = {AIAA Journal},
	Pages = {1221-1234},
	Title = {Simulations of Vortex Formation Around a Blunt Wing Tip},
	Volume = {48},
	Year = {2010}}

@ARTICLE{lombard15,
	author = {Lombard, J.-E. W. and Moxey, D. and Sherwin, S. J. and 
	Hoessler, J.~F. A. and Dhandapani, S. and Taylor, M. J.
	},
	title = "{Implicit Large-Eddy Simulation of a Wingtip Vortex}",
	journal = {AIAA Journal},
	year = {2016},
	month = {feb},
	volume = {54},
	pages = {506-518},
}

@article{eitel14,
	title = {Simulation and validation of a spatially evolving turbulent boundary layer up to $\text{R}e_{\theta}=8300$ },
	journal = {International Journal of Heat and Fluid Flow},
	volume = {47},
	pages = {57-69},
	year = {2014},
	author = {Eitel-Amor, G. and \"{O}rl\"{u} R. and Schlatter, P.},
}

@article{chin15,
	title = {Turbulent pipe flow at $\text{R}e_{\tau}= 1000$: A comparison of wall-resolved large-eddy simulation, direct numerical simulation and hot-wire experiment},
	journal = {Computers and Fluids},
	volume = {122},
	pages = {26 - 33},
	year = {2015},
	issn = {0045-7930},
	author = {Chin, C. and Ng, H.C.H. and Blackburn, H.M. and Monty, J.P. and Ooi, A.},
}
	
@Misc{nek5000,
	Author = {Fischer, P. F. and Lottes, J. W. and Kerkemeier, S. G.},
	Title  = {nek5000 Web page},
	Note   = {http://nek5000.mcs.anl.gov},
	Year   = {2008},
}	


@article{schlatter06,
	author = {Schlatter, P.  and  Stolz, S.  and Kleiser, L.},
	title = {Large-eddy simulation of spatial transition in plane channel flow},
	journal = {Journal of Turbulence},
	volume = {7},
	number = {},
	pages = {N33},
	year = {2006},
	}
	
@article{moser99,
	author = {Moser, R. D. and Kim, J. and Mansour, N. N.},
	title = {Direct numerical simulation of turbulent channel flow up to $\text{R}e_{\tau}=590$},
	journal = {Physics of Fluids},
	year = {1999},
	volume = {11},
	number = {4},
	pages = {943-945},
}	

@Inbook{drela89,
	author={Drela, M.},
	title={XFOIL: An Analysis and Design System for Low Reynolds Number Airfoils},
	bookTitle={Low Reynolds Number Aerodynamics: Proceedings of the Conference Notre Dame, Indiana, USA, 5--7 June 1989},
	year={1989},
	publisher={Springer Berlin Heidelberg},
	address={Berlin, Heidelberg},
	pages={1--12},
}

@article{hosseini16,
	title = {Direct numerical simulation of the flow around a wing section at moderate {R}eynolds number},
	journal = {International Journal of Heat and Fluid Flow},
	volume = {61},
	pages = {117 - 128},
	year = {2016},
	issn = {0142-727X},
	doi = {http://dx.doi.org/10.1016/j.ijheatfluidflow.2016.02.001},
	url = {//www.sciencedirect.com/science/article/pii/S0142727X16300169},
	author = {Hosseini, S. M. and Vinuesa, R.  and Schlatter, P. and Hanifi, A. and Henningson, D. S.},
}

@article{brandt04, 
	title={Transition in boundary layers subject to free-stream turbulence}, volume={517}, 
	DOI={10.1017/S0022112004000941}, 
	journal={Journal of Fluid Mechanics}, 
	publisher={Cambridge University Press}, 
	author={Brandt, L. and Schlatter, P. and Henningson, D. S.}, 
	year={2004}
}


@article{mccroskey82,
	author = { McCroskey, W. J.},
	title = {Unsteady Airfoils},
	journal = {Annual Review of Fluid Mechanics},
	volume = {14},
	number = {1},
	pages = {285-311},
	year = {1982},
	doi = {10.1146/annurev.fl.14.010182.001441},
	URL = {http://dx.doi.org/10.1146/annurev.fl.14.010182.001441},
}


@article{coorke15,
	author = {Coorke, T. C. and Thomas, F. O. },
	title = {Dynamic Stall in Pitching Airfoils: Aerodynamic Damping and Compressibility Effects},
	journal = {Annual Review of Fluid Mechanics},
	volume = {47},
	number = {1},
	pages = {479-505},
	year = {2015},
	doi = {10.1146/annurev-fluid-010814-013632},
	URL = {http://dx.doi.org/10.1146/annurev-fluid-010814-013632}

}

@Article{dunne2015,
	author={Dunne, R. and McKeon, B. J.},
	title={Dynamic stall on a pitching and surging airfoil},
	journal={Experiments in Fluids},
	year={2015},
	volume={56},
	number={8},
	pages={157},
	issn={1432-1114},
	doi={10.1007/s00348-015-2028-1},
	url={http://dx.doi.org/10.1007/s00348-015-2028-1}
}

@TECHREPORT{mccroskey82experimental,
	title={An experimental study of dynamic stall on advanced airfoil sections. Volume 1: Summary of the experiment},
	author={McCroskey, WJ and McAlister, KW and Carr, LW and Pucci, SL},
	year={1982}
    institution = {NASA Ames Research Center; Moffett Field, CA, United States},	
}

@article{rival2010,
	title={Characteristics of pitching and plunging airfoils under dynamic-stall conditions},
	author={Rival, D. and Tropea, C.},
	journal={Journal of Aircraft},
	volume={47},
	number={1},
	pages={80--86},
	year={2010}
}

@TECHREPORT{carr1977,
	title={Analysis of the development of dynamic stall based on oscillating airfoil experiments},
	author={Carr, L. W. and McAlister, K. W. and McCroskey, W. J},
	year={1977}
    institution = {NASA Ames Research Center; Moffett Field, CA, United States},
}

@article{choudhry14,
	title = {An insight into the dynamic stall lift characteristics},
	journal = {Experimental Thermal and Fluid Science},
	volume = {58},
	pages = {188 - 208},
	year = {2014},
	issn = {0894-1777},
	doi = {http://doi.org/10.1016/j.expthermflusci.2014.07.006},
	url = {http://www.sciencedirect.com/science/article/pii/S0894177714001769},
	author = {Choudhry, A. and Leknys, R. and Arjomandi, M. and Kelso, R.}
}

@inproceedings{pascazio96,
	title={Unsteady boundary-layer measurement on oscillating airfoils-Transition and separation phenomena in pitching motion},
	author={Pascazio, M and Autric, J and Favier, D and Maresca, C},
	booktitle={34th Aerospace Sciences Meeting and Exhibit},
	pages={35},
	year={1996}
}

@article{nati15,
	title={Dynamic pitching effect on a laminar separation bubble},
	author={Nati, A. and De Kat, R. and Scarano, F. and Van Oudheusden, B. W.},
	journal={Experiments in Fluids},
	volume={56},
	number={9},
	pages={172},
	year={2015},
	publisher={Springer}
}

@article{dong2014,
	title={A robust and accurate outflow boundary condition for incompressible flow simulations on severely-truncated unbounded domains},
	author={Dong, S. and Karniadakis, G. E. and Chryssostomidis, C.},
	journal={Journal of Computational Physics},
	volume={261},
	pages={83--105},
	year={2014},
	publisher={Elsevier}
}

@article{jeong95, 
	title={On the identification of a vortex}, 
	volume={285}, DOI={10.1017/S0022112095000462}, 
	journal={Journal of Fluid Mechanics}, 
	publisher={Cambridge University Press}, 
	author={Jeong, J. and Hussain, F.}, 
	year={1995}
}

@article{lokatt17,
	title = {Robust viscous-inviscid interaction scheme for application on unstructured meshes},
	journal = {Computers $\&$ Fluids},
	volume = {145},
	pages = {37 - 51},
	year = {2017},
	issn = {0045-7930},
	doi = {Phttp://doi.org/10.1016/j.compfluid.2016.12.012},
	url = {http://www.sciencedirect.com/science/article/pii/S0045793016303966},
	author = {Lokatt, M. and Eller, D.},
}

@article{schlatter04,
	title = {\text{LES} of transitional flows using the approximate deconvolution model},
	journal = {International Journal of Heat and Fluid Flow},
	volume = {25},
	number = {3},
	pages = {549 - 558},
	year = {2004},
	note = {Turbulence and Shear Flow Phenomena (TSFP-3)},
	issn = {0142-727X},
	doi = {http://doi.org/10.1016/j.ijheatfluidflow.2004.02.020},
	url = {http://www.sciencedirect.com/science/article/pii/S0142727X04000281},
	author = {Schlatter, P. and Stolz, S. and Kleiser, L.},
}


@article{vonneumann50,
	author = {J. VonNeumann and R. D. Richtmyer},
	title = {A Method for the Numerical Calculation of Hydrodynamic Shocks},
	journal = {Journal of Applied Physics},
	volume = {21},
	number = {3},
	pages = {232-237},
	year = {1950},
	doi = {10.1063/1.1699639},
	URL = { 
	http://dx.doi.org/10.1063/1.1699639
	
	}
	
}


